<record xmlns="http://www.loc.gov/MARC21/slim" xmlns:xsi="http://www.w3.org/2001/XMLSchema-instance" xsi:schemaLocation="http://www.loc.gov/MARC21/slim http://www.loc.gov/standards/marcxml/schema/MARC21slim.xsd">

  <leader>00569nam a2200157Ia 4500</leader>
  <datafield ind1=" " ind2=" " tag="999">
    <subfield code="c">2186</subfield>
    <subfield code="d">2186</subfield>
  </datafield>
  <controlfield tag="008">180712b2003    fr ||||| |||| 00| | spa d</controlfield>
  <datafield tag="090" ind1=" " ind2=" ">
    <subfield code="a">15.04.02 </subfield>
    <subfield code="b">1417</subfield>
  </datafield>
  <datafield tag="110" ind2=" " ind1=" ">
    <subfield code="a">Instituto Internacional de Planeamiento de la Educacion (IIPE) UNESCO</subfield>
    <subfield code="9">4025</subfield>
  </datafield>
  <datafield ind2="3" ind1="1" tag="245">
    <subfield code="a">El VIH - SIDA  y la eduación. Un enfoque estratégico / </subfield>
    <subfield code="c">Instituto Internacional de Planeamiento de la Educacion (IIPE) UNESCO</subfield>
  </datafield>
  <datafield tag="260" ind1=" " ind2=" ">
    <subfield code="a">Francia: </subfield>
    <subfield code="c">2003</subfield>
    <subfield code="b">IIPE, UNESCO</subfield>
  </datafield>
  <datafield tag="300" ind1=" " ind2=" ">
    <subfield code="a">79 páginas</subfield>
  </datafield>
  <datafield tag="650" ind1="1" ind2="4">
    <subfield code="a">SIDA</subfield>
    <subfield code="9">70</subfield>
  </datafield>
  <datafield tag="650" ind2="4" ind1="1">
    <subfield code="a">EDUCACIÓN</subfield>
    <subfield code="9">1</subfield>
  </datafield>
  <datafield ind1="1" ind2="4" tag="650">
    <subfield code="a">PREVENCIÓN DEL SIDA</subfield>
    <subfield code="9">1863</subfield>
  </datafield>
  <datafield ind1=" " ind2=" " tag="942">
    <subfield code="2">z</subfield>
    <subfield code="c">01</subfield>
  </datafield>
</record>